@Book{Roberts2000CompleteJava2Certification,
  author =       {Simon Roberts and Philip Heller and Michael Ernest},
  title =        {Complete Java 2 Certification},
  publisher =    {Sybex},
  year =         2000,
  edition =      {Second Edition},
  note =         {ISBN 00-7821-2825-4}
}