@Book{Mitchell1997MachineLearning,
  author =       {Tom M. Mitchell},
  title =        {Machine Learning},
  publisher =    {The McGraw-Hill Companies},
  year =         1997,
  edition =      {International},
  note =         {ISBN 0-07-115467-1}
}

@Misc{Wikipedia_ID3algorithm,
  author =       {Wikipedia},
  title =        {ID3 algorithm},
  howpublished = {\url{http://en.wikipedia.org/wiki/ID3_algorithm}},
  month =        {December},
  year =         2011,
  annote =       {Stored as WebDocuments/ID3_algorithm.html .}
}

